@article{Margules2000,
	year = 2000,
	volume = {405},
	pages = {243--253},
	author = {C. R. Margules and R. L. Pressey},
	title = {Systematic conservation planning},
	journal = {Nature}
}
@book{Moilanen2009,
 title = {Spatial Conservation Prioritization: Quantitative Methods and Computational Tools},
 editor = {Atte Moilanen and Kerrie A. Wilson and Hugh Possingham},
 publisher = {Oxford University Press},
 year = {2009},
}
@article{Burgman2005,
	year = 2005,
	volume = {86},
	pages = {2007--2017},
	author = {M. A. Burgman and D. B. Lindenmayer and J. Elith},
	title = {Managing landscapes for conservation under uncertainty},
	journal = {Ecology}
}
@article{Kujala2015,
	year = 2015,
	volume = {192},
	pages = {513--521},
	author = {H. Kujala and A. L. Whitehead and W. K. Morris and B. A. Wintle},
	title = {Towards strategic offsetting of biodiversity loss using spatial prioritization concepts and tools: A case study on mining impacts in Australia},
	journal = {Biological Conservation}
}
@article{GuilleraArroita2015,
	year = 2015,
	volume = {24},
	pages = {276--292},
	author = {Gurutzeta Guillera-Arroita and Jos{\'{e}} J. Lahoz-Monfort and Jane Elith and Ascelin Gordon and Heini Kujala and Pia E. Lentini and Michael A. McCarthy and Reid Tingley and Brendan A. Wintle},
	title = {Is my species distribution model fit for purpose? Matching data and models to applications},
	journal = {Global Ecology and Biogeography}
}
@article{Phillips2008,
	year = 2008,
	volume = {31},
	pages = {161--175},
	author = {Steven J. Phillips and Miroslav Dud{\'{\i}}k},
	title = {Modeling of species distributions with Maxent: new extensions and a comprehensive evaluation},
	journal = {Ecography}
}
@article{Elith2011,
	year = 2010,
	volume = {17},
	pages = {43--57},
	author = {Jane Elith and Steven J. Phillips and Trevor Hastie and Miroslav Dud{\'{\i}}k and Yung En Chee and Colin J. Yates},
	title = {A statistical explanation of {MaxEnt} for ecologists},
	journal = {Diversity and Distributions}
}
@article{Kirkpatrick1983,
	year = 1983,
	volume = {25},
	pages = {127--134},
	author = {J. B. Kirkpatrick},
	title = {An iterative method for establishing priorities for the selection of nature reserves: An example from Tasmania},
	journal = {Biological Conservation}
}
@article{Margules1988,
	year = 1988,
	volume = {43},
	pages = {63--76},
	author = {C. R. Margules and A. O. Nicholls and R. L. Pressey},
	title = {Selecting networks of reserves to maximise biological diversity},
	journal = {Biological Conservation}
}
@article{Camm1996,
	year = 1996,
	volume = {78},
	pages = {353--355},
	author = {Jeffrey D. Camm and Stephen Polasky and Andrew Solow and Blair Csuti},
	title = {A note on optimal algorithms for reserve site selection},
	journal = {Biological Conservation}
}
@article{Cocks1989,
	year = 1989,
	volume = {49},
	pages = {113--130},
	author = {K. D. Cocks and I. A. Baird},
	title = {Using mathematical programming to address the multiple reserve selection problem: An example from the Eyre Peninsula, South Australia},
	journal = {Biological Conservation}
}
@article{Phillips2006,
	year = 2006,
	volume = {190},
	pages = {231--259},
	author = {Steven J. Phillips and Robert P. Anderson and Robert E. Schapire},
	title = {Maximum entropy modeling of species geographic distributions},
	journal = {Ecological Modelling}
}
@incollection{Ball2009,
 author = {Ian R. Ball and Hugh P. Possingham and Matthew Watts},
	title = {Marxan and relatives: Software for spatial conservation prioritisation},
 booktitle = {Spatial Conservation Prioritization: Quantitative Methods and Computational Tools},
	publisher = {Oxford University Press},
	year = {2009},
	pages = {185-195}
}
@article{Whitehead2014,
 author = {Amy L. Whitehead and Heini I. Kujala and Christopher D. Ives and Ascelin Gordon and Pia E. Lentini and Brendan A. Wintle and Emily Nicholson and Christopher M. Raymond},
 title = {Integrating Biological and Social Values When Prioritizing Places for Biodiversity Conservation},
	year = 2014,
	volume = {28},
	pages = {992--1003},
	journal = {Conservation Biology}
}
@article{Thomson2009,
	year = 2009,
	volume = {19},
	pages = {817--828},
	author = {J. R. Thomson and A. J. Moilanen and P. A. Vesk and A. F. Bennett and R. Mac Nally},
	title = {Where and when to revegetate: a quantitative method for scheduling landscape reconstruction},
	journal = {Ecological Applications}
}
@article{Westphal2007,
	year = 2007,
	volume = {81},
	pages = {56--66},
	author = {Michael I. Westphal and Scott A. Field and Hugh P. Possingham},
	title = {Optimizing landscape configuration: A case study of woodland birds in the Mount Lofty Ranges, South Australia},
	journal = {Landscape and Urban Planning}
}
@incollection{Possingham2001,
 title={Making smart conservation decisions},
 author={Possingham, H P and Andelman, S J and Noon, B R and Trombulak, S and Pulliam, H R},
 booktitle={Conservation Biology: Research Priorities For The Next Decade},
 publisher={Island Press},
 year={2001},
 pages={225--244}
}
@article{Rondinini2006,
	year = 2006,
	volume = {9},
	pages = {1136--1145},
	author = {Carlo Rondinini and Kerrie A. Wilson and Luigi Boitani and Hedley Grantham and Hugh P. Possingham},
	title = {Tradeoffs of different types of species occurrence data for use in systematic conservation planning},
	journal = {Ecology Letters}
}
@article{Gaston2002,
	year = 2002,
	volume = {27},
	pages = {361--384},
	author = {K. J. Gaston and R. L. Pressey and C. R. Margules},
	title = {Persistence and vulnerability: Retaining biodiversity in the landscape and in protected areas},
	journal = {Journal of Biosciences}
}
@article{Naidoo2006,
	year = 2006,
	volume = {21},
	pages = {681--687},
	author = {R Naidoo and A Balmford and P Ferraro and S Polasky and T Ricketts and M Rouget},
	title = {Integrating economic costs into conservation planning},
	journal = {Trends in Ecology {\&} Evolution}
}
@article{Runge2011b,
	year = 2011,
	volume = {2},
	pages = {220--233},
	author = {Michael C. Runge},
	title = {An Introduction to Adaptive Management for Threatened and Endangered Species},
	journal = {Journal of Fish and Wildlife Management}
}
@article{Gaston2003,
	year = 2003,
	volume = {17},
	pages = {188--195},
	author = {Kevin J. Gaston and Ana S. L. Rodrigues},
	title = {Reserve Selection in Regions with Poor Biological Data},
	journal = {Conservation Biology}
}
@article{Yokota2004a,
 title={Value of information literature analysis: a review of applications in health risk management},
 author={Yokota, Fumie and Thompson, Kimberly M},
 journal={Medical Decision Making},
 volume={24},
 pages={287--298},
 year={2004}
}
@article{Williams2011,
 Author = {Williams, B. K. and Eaton, M. J. and Breininger, D. R. },
 Journal = {Ecological Modelling},
 Pages = {3429--3436},
 Title = {Adaptive resource management and the value of information},
 Volume = {222},
 Year = {2012}
}
@article{Reckhow1994,
	year = 1994,
	volume = {18},
	pages = {161--166},
	author = {Kenneth H. Reckhow},
	title = {Importance of scientific uncertainty in decision making},
	journal = {Environmental Management}
}
@misc{ALA2016,
 author = "{Atlas of Living Australia website}",
 title = "{at http://www. ala. org. au/}",
 year = "Accessed: 2016-29-6"
}
@article{Merow2013,
	year = 2013,
	volume = {36},
	pages = {1058--1069},
	author = {Cory Merow and Matthew J. Smith and John A. Silander},
	title = {A practical guide to {MaxEnt} for modeling species' distributions: what it does, and why inputs and settings matter},
	journal = {Ecography}
}
@article{Efron1986,
 author = {B Efron and R Tibshirani},
 journal = {Statistical Science},
 number = {1},
 pages = {54-75},
 publisher = {Institute of Mathematical Statistics},
 title = {Bootstrap Methods for Standard Errors, Confidence Intervals, and Other Measures of Statistical Accuracy},
 volume = {1},
 year = {1986}
}
@article{Watts2009,
 title={Marxan with {Z}ones: software for optimal conservation based land-and sea-use zoning},
 author={Watts, Matthew E and Ball, Ian R and Stewart, Romola S and Klein, Carissa J and Wilson, Kerrie and Steinback, Charles and Lourival, Reinaldo and Kircher, Lindsay and Possingham, Hugh P},
 journal={Environmental Modelling \& Software},
 volume={24},
 pages={1513--1521},
 year={2009}
}
@article{Plumptre2014,
 title={Efficiently targeting resources to deter illegal activities in protected areas},
 author={Plumptre, Andrew J and Fuller, Richard A and Rwetsiba, Aggrey and Wanyama, Fredrick and Kujirakwinja, Deo and Driciru, Margaret and Nangendo, Grace and Watson, James EM and Possingham, Hugh P},
 journal={Journal of Applied Ecology},
 volume={51},
 pages={714--725},
 year={2014}
}
@article{Guisan2013,
 title={Predicting species distributions for conservation decisions},
 author={Guisan, Antoine and Tingley, Reid and Baumgartner, John B and Naujokaitis-Lewis, Ilona and Sutcliffe, Patricia R and Tulloch, Ayesha IT and Regan, Tracey J and Brotons, Lluis and McDonald-Madden, Eve and Mantyka-Pringle, Chrystal and others},
 journal={Ecology Letters},
 volume={16},
 pages={1424--1435},
 year={2013}
}
@article{Game2008,
 title={Planning for persistence in marine reserves: a question of catastrophic importance},
 author={Game, Edward T and Watts, Matthew E and Wooldridge, Scott and Possingham, Hugh P},
 journal={Ecological Applications},
 volume={18},
 pages={670--680},
 year={2008}
}
@article{Phillips2009,
 title={Sample selection bias and presence-only distribution models: implications for background and pseudo-absence data},
 author={Phillips, Steven J and Dud{\'\i}k, Miroslav and Elith, Jane and Graham, Catherine H and Lehmann, Anthony and Leathwick, John and Ferrier, Simon},
 journal={Ecological Applications},
 volume={19},
 pages={181--197},
 year={2009}
}
@article{Polasky2001,
 title={The value of information in reserve site selection},
 author={Polasky, Stephen and Solow, Andrew R},
 journal={Biodiversity and Conservation},
 volume={10},
 pages={1051--1058},
 year={2001}
}
@article{Moilanen2006,
 title={Uncertainty analysis favours selection of spatially aggregated reserve networks},
 author={Moilanen, Atte and Wintle, Brendan A},
 journal={Biological Conservation},
 volume={129},
 pages={427--434},
 year={2006}
}
@article{Drechsler2000,
 title={A model-based decision aid for species protection under uncertainty},
 author={Drechsler, Martin},
 journal={Biological Conservation},
 volume={94},
 pages={23--30},
 year={2000}
}
@article{Regan2005,
 title={Robust decision-making under severe uncertainty for conservation management},
 author={Regan, Helen M and Ben-Haim, Yakov and Langford, Bill and Wilson, William G and Lundberg, Per and Andelman, Sandy J and Burgman, Mark A},
 journal={Ecological Applications},
 volume={15},
 pages={1471--1477},
 year={2005}
}
@article{Tulloch2017,
 title={Trade-offs between data resolution, accuracy, and cost when choosing information to plan reserves for coral reef ecosystems},
 author={Tulloch, Vivitskaia J and Klein, Carissa J and Jupiter, Stacy D and Tulloch, Ayesha IT and Roelfsema, Chris and Possingham, Hugh P},
 journal={Journal of Environmental Management},
 volume={188},
 pages={108--119},
 year={2017}
}
@article{Stockwell2002,
 title={Effects of sample size on accuracy of species distribution models},
 author={Stockwell, David R B and Peterson, A Townsend},
 journal={Ecological modelling},
 volume={148},
 pages={1--13},
 year={2002},
}
@article{Cheng1978,
 title={Generating beta variates with nonintegral shape parameters},
 author={Cheng, Russell C H},
 journal={Communications of the ACM},
 volume={21},
 pages={317--322},
 year={1978}
}
@book{Raiffa1961,
	Address = {New York},
	Author = {Raiffa, H and Schlaifer, R},
	Publisher = {John Wiley \& Sons Inc. },
	Title = {Applied statistical decision theory},
	Year = {1961}
}
@book{Berger1985,
 address = {New York},
 title={Statistical decision theory and Bayesian analysis},
 author={Berger, James O},
 year={1985},
 publisher={Springer}
}
@article{Ades2004,
 Author = {Ades, A and Lu, G and Claxton, K},
 Journal = {Medical Decision Making},
 Pages = {202--227},
 Title = {Expected value of sample information calculations in medical decision making},
 Volume = {24},
 Year = {2004}
}
@book{Moilanen2014,
  address={Helsinki},
  title={Zonation spatial conservation planning framework and software v. 4.0, User Manual},
  author={Moilanen, A and Pouzols, F and Meller, L and Veach, V and Arponen, A and Lepp{\"a}nen, J and Kujala, H},
  publisher={University of Helsinki},
  year={2014}
}
@article{Costello2010,
	year = 2010,
	volume = {107},
	pages = {18294--18299},
	author = {C. Costello and A. Rassweiler and D. Siegel and G. De Leo and F. Micheli and A. Rosenberg},
	title = {The value of spatial information in {MPA} network design},
	journal = {Proceedings of the National Academy of Sciences}
}
@incollection{Hastie2001,
  title={Model Inference and Averaging},
  author={Hastie, T and Friedman, J and Tibshirani, R},
  booktitle={The Elements of Statistical Learning},
  pages={225--256},
  year={2001},
  publisher={Springer}
}
@article{Dormann2007,
  title={Effects of incorporating spatial autocorrelation into the analysis of species distribution data},
  author={Dormann, C F},
  journal={Global ecology and biogeography},
  volume={16},
  pages={129--138},
  year={2007}
}
@article{Mackenzie2002,
  title={Estimating site occupancy rates when detection probabilities are less than one},
  author={MacKenzie, D I and Nichols, J D and Lachman, G B and Droege, S and Royle, J A and Langtimm, C A},
  journal={Ecology},
  volume={83},
  pages={2248--2255},
  year={2002}
}
@article{Tulloch2016,
  title={Conservation planners tend to ignore improved accuracy of modelled species distributions to focus on multiple threats and ecological processes},
  author={Tulloch, Ayesha IT and Sutcliffe, Patricia and Naujokaitis-Lewis, Ilona and Tingley, Reid and Brotons, Lluis and Ferraz, Katia Maria PMB and Possingham, Hugh and Guisan, Antoine and Rhodes, Jonathan R},
  journal={Biological Conservation},
  volume={199},
  pages={157--171},
  year={2016}
}
@article{Moilanen2007,
  title={Landscape zonation, benefit functions and target-based planning: unifying reserve selection strategies},
  author={Moilanen, Atte},
  journal={Biological Conservation},
  volume={134},
  pages={571--579},
  year={2007}
}
