@article{Kujala2012,
	doi = {10.1111/j.1755-263x.2012.00299.x},
	url = {http://dx.doi.org/10.1111/j.1755-263X.2012.00299.x},
	year = 2012,
	month = {nov},
	publisher = {Wiley-Blackwell},
	volume = {6},
	number = {2},
	pages = {73--85},
	author = {Heini Kujala and Mark A. Burgman and Atte Moilanen},
	title = {Treatment of uncertainty in conservation under climate change},
	journal = {Conservation Letters}
}

@article{Margules2000,
	doi = {10.1038/35012251},
	url = {http://dx.doi.org/10.1038/35012251},
	year = 2000,
	month = {may},
	publisher = {Nature Publishing Group},
	volume = {405},
	number = {6783},
	pages = {243--253},
	author = {C. R. Margules and R. L. Pressey},
	title = {Systematic conservation planning},
	journal = {Nature}
}
@BOOK{Moilanen2009, title={Spatial Conservation Prioritization: Quantitative Methods and Computational Tools},editor={Atte Moilanen and Kerrie A. Wilson and Hugh Possingham},publisher={Oxford University Press},year={2009},month={8},edition={1},isbn={9780199547777},url={http://amazon.com/o/ASIN/0199547777/},price={$75.00},totalpages={320},timestamp={2016.05.11},}
@article{Burgman2005,
	doi = {10.1890/04-0906},
	url = {http://dx.doi.org/10.1890/04-0906},
	year = 2005,
	month = {aug},
	publisher = {Wiley-Blackwell},
	volume = {86},
	number = {8},
	pages = {2007--2017},
	author = {M. A. Burgman and D. B. Lindenmayer and J. Elith},
	title = {{MANAGING} {LANDSCAPES} {FOR} {CONSERVATION} {UNDER} {UNCERTAINTY}},
	journal = {Ecology}
}
@article{Kujala2015,
	doi = {10.1016/j.biocon.2015.08.017},
	url = {http://dx.doi.org/10.1016/j.biocon.2015.08.017},
	year = 2015,
	month = {dec},
	publisher = {Elsevier {BV}},
	volume = {192},
	pages = {513--521},
	author = {H. Kujala and A.L. Whitehead and W.K. Morris and B.A. Wintle},
	title = {Towards strategic offsetting of biodiversity loss using spatial prioritization concepts and tools: A case study on mining impacts in Australia},
	journal = {Biological Conservation}
}
@article{GuilleraArroita2015,
	doi = {10.1111/geb.12268},
	url = {http://dx.doi.org/10.1111/geb.12268},
	year = 2015,
	month = {jan},
	publisher = {Wiley-Blackwell},
	volume = {24},
	number = {3},
	pages = {276--292},
	author = {Gurutzeta Guillera-Arroita and Jos{\'{e}} J. Lahoz-Monfort and Jane Elith and Ascelin Gordon and Heini Kujala and Pia E. Lentini and Michael A. McCarthy and Reid Tingley and Brendan A. Wintle},
	title = {Is my species distribution model fit for purpose? Matching data and models to applications},
	journal = {Global Ecology and Biogeography}
}
@article{Phillips2008,
	doi = {10.1111/j.0906-7590.2008.5203.x},
	url = {http://dx.doi.org/10.1111/j.0906-7590.2008.5203.x},
	year = 2008,
	month = {apr},
	publisher = {Wiley-Blackwell},
	volume = {31},
	number = {2},
	pages = {161--175},
	author = {Steven J. Phillips and Miroslav Dud{\'{\i}}k},
	title = {Modeling of species distributions with Maxent: new extensions and a comprehensive evaluation},
	journal = {Ecography}
}
@article{Elith2011,
	doi = {10.1111/j.1472-4642.2010.00725.x},
	url = {http://dx.doi.org/10.1111/j.1472-4642.2010.00725.x},
	year = 2010,
	month = {nov},
	publisher = {Wiley-Blackwell},
	volume = {17},
	number = {1},
	pages = {43--57},
	author = {Jane Elith and Steven J. Phillips and Trevor Hastie and Miroslav Dud{\'{\i}}k and Yung En Chee and Colin J. Yates},
	title = {A statistical explanation of {MaxEnt} for ecologists},
	journal = {Diversity and Distributions}
}
@article{Kirkpatrick1983,
	doi = {10.1016/0006-3207(83)90056-3},
	url = {http://dx.doi.org/10.1016/0006-3207(83)90056-3},
	year = 1983,
	month = {feb},
	publisher = {Elsevier {BV}},
	volume = {25},
	number = {2},
	pages = {127--134},
	author = {J.B. Kirkpatrick},
	title = {An iterative method for establishing priorities for the selection of nature reserves: An example from Tasmania},
	journal = {Biological Conservation}
}@article{Margules1988,
	doi = {10.1016/0006-3207(88)90078-x},
	url = {http://dx.doi.org/10.1016/0006-3207(88)90078-X},
	year = 1988,
	publisher = {Elsevier {BV}},
	volume = {43},
	number = {1},
	pages = {63--76},
	author = {C.R. Margules and A.O. Nicholls and R.L. Pressey},
	title = {Selecting networks of reserves to maximise biological diversity},
	journal = {Biological Conservation}
}@article{Camm1996,
	doi = {10.1016/0006-3207(95)00132-8},
	url = {http://dx.doi.org/10.1016/0006-3207(95)00132-8},
	year = 1996,
	month = {dec},
	publisher = {Elsevier {BV}},
	volume = {78},
	number = {3},
	pages = {353--355},
	author = {Jeffrey D. Camm and Stephen Polasky and Andrew Solow and Blair Csuti},
	title = {A note on optimal algorithms for reserve site selection},
	journal = {Biological Conservation}
}@article{Cocks1989,
	doi = {10.1016/0006-3207(89)90083-9},
	url = {http://dx.doi.org/10.1016/0006-3207(89)90083-9},
	year = 1989,
	month = {jan},
	publisher = {Elsevier {BV}},
	volume = {49},
	number = {2},
	pages = {113--130},
	author = {K.D. Cocks and I.A. Baird},
	title = {Using mathematical programming to address the multiple reserve selection problem: An example from the Eyre Peninsula, South Australia},
	journal = {Biological Conservation}
}@article{Burgman2005,
	doi = {10.1890/04-0906},
	url = {http://dx.doi.org/10.1890/04-0906},
	year = 2005,
	month = {aug},
	publisher = {Wiley-Blackwell},
	volume = {86},
	number = {8},
	pages = {2007--2017},
	author = {M. A. Burgman and D. B. Lindenmayer and J. Elith},
	title = {{MANAGING} {LANDSCAPES} {FOR} {CONSERVATION} {UNDER} {UNCERTAINTY}},
	journal = {Ecology}
}@article{Phillips2006,
	doi = {10.1016/j.ecolmodel.2005.03.026},
	url = {http://dx.doi.org/10.1016/j.ecolmodel.2005.03.026},
	year = 2006,
	month = {jan},
	publisher = {Elsevier {BV}},
	volume = {190},
	number = {3-4},
	pages = {231--259},
	author = {Steven J. Phillips and Robert P. Anderson and Robert E. Schapire},
	title = {Maximum entropy modeling of species geographic distributions},
	journal = {Ecological Modelling}
}
@incollection{Ball2009,
  author = {Ian R. Ball and Hugh P. Possingham and Matthew Watts},
	title = {Marxan and relatives: Software for spatial conservation prioritisation},
	pages = {185-195},
	chapter = {14},
  booktitle = {Spatial Conservation Prioritization: Quantitative Methods and Computational Tools},
	editor = {Atte Moilanen and Kerrie A. Wilson and Hugh P. Possingham},
	publisher = {Oxford University Press},
	year = {2009},
	edition = {1}
	}
@article{Whitehead2014,
	doi = {10.1111/cobi.12257},
	url = {http://dx.doi.org/10.1111/cobi.12257},
	year = 2014,
	month = {mar},
	publisher = {Wiley-Blackwell},
	volume = {28},
	number = {4},
	pages = {992--1003},
	author = AMY L. WHITEHEAD and HEINI KUJALA and CHRISTOPHER D. IVES and ASCELIN GORDON and PIA E. LENTINI and BRENDAN A. WINTLE and EMILY NICHOLSON and CHRISTOPHER M. RAYMOND,
	title = {Integrating Biological and Social Values When Prioritizing Places for Biodiversity Conservation},
	journal = {Conservation Biology}
}
@article{Thomson2009,
	doi = {10.1890/08-0915.1},
	url = {http://dx.doi.org/10.1890/08-0915.1},
	year = 2009,
	month = {jun},
	publisher = {Wiley-Blackwell},
	volume = {19},
	number = {4},
	pages = {817--828},
	author = {J. R. Thomson and A. J. Moilanen and P. A. Vesk and A. F. Bennett and R. Mac Nally},
	title = {Where and when to revegetate: a quantitative method for scheduling landscape reconstruction},
	journal = {Ecological Applications}
}@article{Westphal2007,
	doi = {10.1016/j.landurbplan.2006.10.015},
	url = {http://dx.doi.org/10.1016/j.landurbplan.2006.10.015},
	year = 2007,
	month = {may},
	publisher = {Elsevier {BV}},
	volume = {81},
	number = {1-2},
	pages = {56--66},
	author = {Michael I. Westphal and Scott A. Field and Hugh P. Possingham},
	title = {Optimizing landscape configuration: A case study of woodland birds in the Mount Lofty Ranges, South Australia},
	journal = {Landscape and Urban Planning}
}
@incollection{Possingham2001,
  title={Making smart conservation decisions},
  author={Possingham, HP and Andelman, SJ and Noon, BR and Trombulak, S and Pulliam, HR},
  chapter={10},
  pages={225--44},
  booktitle={Conservation Biology: Research Priorities For The Next Decade},
  editor={Michael E. Soul√© and Gordon Orians and P. Dee Boersma},
  publisher={Island Press},
  year={2001},
  month={7},
  edition={1},
}
